%YAML 1.1
%TAG !u! tag:unity3d.com,2011:
--- !u!1 &2541017216426164264
GameObject:
  m_ObjectHideFlags: 0
  m_CorrespondingSourceObject: {fileID: 0}
  m_PrefabInstance: {fileID: 0}
  m_PrefabAsset: {fileID: 0}
  serializedVersion: 6
  m_Component:
  - component: {fileID: 2544071585788125806}
  - component: {fileID: 2569607961552916426}
  m_Layer: 0
  m_Name: collider
  m_TagString: Untagged
  m_Icon: {fileID: 0}
  m_NavMeshLayer: 0
  m_StaticEditorFlags: 0
  m_IsActive: 1
--- !u!4 &2544071585788125806
Transform:
  m_ObjectHideFlags: 0
  m_CorrespondingSourceObject: {fileID: 0}
  m_PrefabInstance: {fileID: 0}
  m_PrefabAsset: {fileID: 0}
  m_GameObject: {fileID: 2541017216426164264}
  m_LocalRotation: {x: -0.03838783, y: -0, z: -0, w: 0.9992629}
  m_LocalPosition: {x: 0, y: 0.7641, z: -0.135}
  m_LocalScale: {x: 1, y: 1, z: 1}
  m_Children: []
  m_Father: {fileID: 2544652451712577968}
  m_RootOrder: 3
  m_LocalEulerAnglesHint: {x: -4.4, y: 0, z: 0}
--- !u!65 &2569607961552916426
BoxCollider:
  m_ObjectHideFlags: 0
  m_CorrespondingSourceObject: {fileID: 0}
  m_PrefabInstance: {fileID: 0}
  m_PrefabAsset: {fileID: 0}
  m_GameObject: {fileID: 2541017216426164264}
  m_Material: {fileID: 0}
  m_IsTrigger: 0
  m_Enabled: 1
  serializedVersion: 2
  m_Size: {x: 0.030427199, y: 0.06156273, z: 0.12441602}
  m_Center: {x: 0, y: 0.025572654, z: -0.026757695}
--- !u!1 &2541047833406304780
GameObject:
  m_ObjectHideFlags: 0
  m_CorrespondingSourceObject: {fileID: 0}
  m_PrefabInstance: {fileID: 0}
  m_PrefabAsset: {fileID: 0}
  serializedVersion: 6
  m_Component:
  - component: {fileID: 2544652451712577968}
  - component: {fileID: 2537198391122725370}
  - component: {fileID: 2527891014866276714}
  - component: {fileID: 2558301200152473788}
  - component: {fileID: 2540078244786657930}
  - component: {fileID: 2540078244786657933}
  m_Layer: 0
  m_Name: Fire Axe (pickable)
  m_TagString: Untagged
  m_Icon: {fileID: 0}
  m_NavMeshLayer: 0
  m_StaticEditorFlags: 0
  m_IsActive: 1
--- !u!4 &2544652451712577968
Transform:
  m_ObjectHideFlags: 0
  m_CorrespondingSourceObject: {fileID: 0}
  m_PrefabInstance: {fileID: 0}
  m_PrefabAsset: {fileID: 0}
  m_GameObject: {fileID: 2541047833406304780}
  m_LocalRotation: {x: 0.5524721, y: -0.2436361, z: 0.68101984, w: 0.41428012}
  m_LocalPosition: {x: 1.785, y: 1.378, z: -7.291}
  m_LocalScale: {x: 1, y: 1, z: 1}
  m_Children:
  - {fileID: 2544362987461553698}
  - {fileID: 2543991663956345868}
  - {fileID: 2544488768668050616}
  - {fileID: 2544071585788125806}
  - {fileID: 2544519698840582986}
  m_Father: {fileID: 0}
  m_RootOrder: 0
  m_LocalEulerAnglesHint: {x: 52.148003, y: 63.809002, z: 151.259}
--- !u!33 &2537198391122725370
MeshFilter:
  m_ObjectHideFlags: 0
  m_CorrespondingSourceObject: {fileID: 0}
  m_PrefabInstance: {fileID: 0}
  m_PrefabAsset: {fileID: 0}
  m_GameObject: {fileID: 2541047833406304780}
  m_Mesh: {fileID: 4300000, guid: ae03ef10f2460b843bbb58ceb84cc3a3, type: 3}
--- !u!23 &2527891014866276714
MeshRenderer:
  m_ObjectHideFlags: 0
  m_CorrespondingSourceObject: {fileID: 0}
  m_PrefabInstance: {fileID: 0}
  m_PrefabAsset: {fileID: 0}
  m_GameObject: {fileID: 2541047833406304780}
  m_Enabled: 1
  m_CastShadows: 1
  m_ReceiveShadows: 1
  m_DynamicOccludee: 1
  m_MotionVectors: 1
  m_LightProbeUsage: 1
  m_ReflectionProbeUsage: 1
  m_RenderingLayerMask: 1
  m_RendererPriority: 0
  m_Materials:
  - {fileID: 2100000, guid: c2d25e5bae0e20040b9c273da8fc5598, type: 2}
  m_StaticBatchInfo:
    firstSubMesh: 0
    subMeshCount: 0
  m_StaticBatchRoot: {fileID: 0}
  m_ProbeAnchor: {fileID: 0}
  m_LightProbeVolumeOverride: {fileID: 0}
  m_ScaleInLightmap: 1
  m_PreserveUVs: 0
  m_IgnoreNormalsForChartDetection: 0
  m_ImportantGI: 0
  m_StitchLightmapSeams: 0
  m_SelectedEditorRenderState: 3
  m_MinimumChartSize: 4
  m_AutoUVMaxDistance: 0.5
  m_AutoUVMaxAngle: 89
  m_LightmapParameters: {fileID: 0}
  m_SortingLayerID: 0
  m_SortingLayer: 0
  m_SortingOrder: 0
--- !u!54 &2558301200152473788
Rigidbody:
  m_ObjectHideFlags: 0
  m_CorrespondingSourceObject: {fileID: 0}
  m_PrefabInstance: {fileID: 0}
  m_PrefabAsset: {fileID: 0}
  m_GameObject: {fileID: 2541047833406304780}
  serializedVersion: 2
  m_Mass: 1
  m_Drag: 0
  m_AngularDrag: 0.05
  m_UseGravity: 0
  m_IsKinematic: 1
  m_Interpolate: 0
  m_Constraints: 0
  m_CollisionDetection: 0
--- !u!135 &2540078244786657930
SphereCollider:
  m_ObjectHideFlags: 0
  m_CorrespondingSourceObject: {fileID: 0}
  m_PrefabInstance: {fileID: 0}
  m_PrefabAsset: {fileID: 0}
  m_GameObject: {fileID: 2541047833406304780}
  m_Material: {fileID: 0}
  m_IsTrigger: 1
  m_Enabled: 1
  serializedVersion: 2
  m_Radius: 1
  m_Center: {x: 0.000000029252531, y: 0.3329052, z: -0.043073446}
--- !u!114 &2540078244786657933
MonoBehaviour:
  m_ObjectHideFlags: 0
  m_CorrespondingSourceObject: {fileID: 0}
  m_PrefabInstance: {fileID: 0}
  m_PrefabAsset: {fileID: 0}
  m_GameObject: {fileID: 2541047833406304780}
  m_Enabled: 1
  m_EditorHideFlags: 0
  m_Script: {fileID: 11500000, guid: 7dba2b7273ef9594084f5ecbb0504a47, type: 3}
  m_Name: 
  m_EditorClassIdentifier: 
  playerAxe: {fileID: 0}
--- !u!1 &2541601494909706568
GameObject:
  m_ObjectHideFlags: 0
  m_CorrespondingSourceObject: {fileID: 0}
  m_PrefabInstance: {fileID: 0}
  m_PrefabAsset: {fileID: 0}
  serializedVersion: 6
  m_Component:
  - component: {fileID: 2544362987461553698}
  - component: {fileID: 2569840218588660026}
  m_Layer: 0
  m_Name: collider
  m_TagString: Untagged
  m_Icon: {fileID: 0}
  m_NavMeshLayer: 0
  m_StaticEditorFlags: 0
  m_IsActive: 1
--- !u!4 &2544362987461553698
Transform:
  m_ObjectHideFlags: 0
  m_CorrespondingSourceObject: {fileID: 0}
  m_PrefabInstance: {fileID: 0}
  m_PrefabAsset: {fileID: 0}
  m_GameObject: {fileID: 2541601494909706568}
  m_LocalRotation: {x: -0.050680153, y: 0, z: 0, w: 0.9987149}
  m_LocalPosition: {x: -0, y: 0.7834, z: 0.0619}
  m_LocalScale: {x: 1, y: 1, z: 1}
  m_Children: []
  m_Father: {fileID: 2544652451712577968}
  m_RootOrder: 0
  m_LocalEulerAnglesHint: {x: -5.81, y: 0, z: 0}
--- !u!65 &2569840218588660026
BoxCollider:
  m_ObjectHideFlags: 0
  m_CorrespondingSourceObject: {fileID: 0}
  m_PrefabInstance: {fileID: 0}
  m_PrefabAsset: {fileID: 0}
  m_GameObject: {fileID: 2541601494909706568}
  m_Material: {fileID: 0}
  m_IsTrigger: 0
  m_Enabled: 1
  serializedVersion: 2
  m_Size: {x: 0.019671421, y: 0.08962411, z: 0.14041701}
  m_Center: {x: 0, y: 0.011541843, z: 0.0011129454}
--- !u!1 &2541671300659059998
GameObject:
  m_ObjectHideFlags: 0
  m_CorrespondingSourceObject: {fileID: 0}
  m_PrefabInstance: {fileID: 0}
  m_PrefabAsset: {fileID: 0}
  serializedVersion: 6
  m_Component:
  - component: {fileID: 2544488768668050616}
  - component: {fileID: 2569278885224429312}
  m_Layer: 0
  m_Name: collider
  m_TagString: Untagged
  m_Icon: {fileID: 0}
  m_NavMeshLayer: 0
  m_StaticEditorFlags: 0
  m_IsActive: 1
--- !u!4 &2544488768668050616
Transform:
  m_ObjectHideFlags: 0
  m_CorrespondingSourceObject: {fileID: 0}
  m_PrefabInstance: {fileID: 0}
  m_PrefabAsset: {fileID: 0}
  m_GameObject: {fileID: 2541671300659059998}
  m_LocalRotation: {x: -0.03838783, y: 0, z: 0, w: 0.9992629}
  m_LocalPosition: {x: 0, y: 0.7732, z: -0.0342}
  m_LocalScale: {x: 1, y: 1, z: 1}
  m_Children: []
  m_Father: {fileID: 2544652451712577968}
  m_RootOrder: 2
  m_LocalEulerAnglesHint: {x: -4.4, y: 0, z: 0}
--- !u!65 &2569278885224429312
BoxCollider:
  m_ObjectHideFlags: 0
  m_CorrespondingSourceObject: {fileID: 0}
  m_PrefabInstance: {fileID: 0}
  m_PrefabAsset: {fileID: 0}
  m_GameObject: {fileID: 2541671300659059998}
  m_Material: {fileID: 0}
  m_IsTrigger: 0
  m_Enabled: 1
  serializedVersion: 2
  m_Size: {x: 0.046601422, y: 0.1086208, z: 0.10454601}
  m_Center: {x: 0, y: 0.002043553, z: -0.016822651}
--- !u!1 &2541814986778708448
GameObject:
  m_ObjectHideFlags: 0
  m_CorrespondingSourceObject: {fileID: 0}
  m_PrefabInstance: {fileID: 0}
  m_PrefabAsset: {fileID: 0}
  serializedVersion: 6
  m_Component:
  - component: {fileID: 2543991663956345868}
  - component: {fileID: 2569234298946677080}
  m_Layer: 0
  m_Name: collider
  m_TagString: Untagged
  m_Icon: {fileID: 0}
  m_NavMeshLayer: 0
  m_StaticEditorFlags: 0
  m_IsActive: 1
--- !u!4 &2543991663956345868
Transform:
  m_ObjectHideFlags: 0
  m_CorrespondingSourceObject: {fileID: 0}
  m_PrefabInstance: {fileID: 0}
  m_PrefabAsset: {fileID: 0}
  m_GameObject: {fileID: 2541814986778708448}
  m_LocalRotation: {x: 0.10912715, y: 0, z: 0, w: 0.99402785}
  m_LocalPosition: {x: 0, y: 0.7653, z: 0.0652}
  m_LocalScale: {x: 1, y: 1, z: 1}
  m_Children: []
  m_Father: {fileID: 2544652451712577968}
  m_RootOrder: 1
  m_LocalEulerAnglesHint: {x: 12.53, y: 0, z: 0}
--- !u!65 &2569234298946677080
BoxCollider:
  m_ObjectHideFlags: 0
  m_CorrespondingSourceObject: {fileID: 0}
  m_PrefabInstance: {fileID: 0}
  m_PrefabAsset: {fileID: 0}
  m_GameObject: {fileID: 2541814986778708448}
  m_Material: {fileID: 0}
  m_IsTrigger: 0
  m_Enabled: 1
  serializedVersion: 2
  m_Size: {x: 0.01619035, y: 0.055555917, z: 0.14041701}
  m_Center: {x: 0, y: -0.020776764, z: 0.0011129453}
--- !u!1 &2541911379387953698
GameObject:
  m_ObjectHideFlags: 0
  m_CorrespondingSourceObject: {fileID: 0}
  m_PrefabInstance: {fileID: 0}
  m_PrefabAsset: {fileID: 0}
  serializedVersion: 6
  m_Component:
  - component: {fileID: 2544519698840582986}
  - component: {fileID: 2496798489572298932}
  m_Layer: 0
  m_Name: collider
  m_TagString: Untagged
  m_Icon: {fileID: 0}
  m_NavMeshLayer: 0
  m_StaticEditorFlags: 0
  m_IsActive: 1
--- !u!4 &2544519698840582986
Transform:
  m_ObjectHideFlags: 0
  m_CorrespondingSourceObject: {fileID: 0}
  m_PrefabInstance: {fileID: 0}
  m_PrefabAsset: {fileID: 0}
  m_GameObject: {fileID: 2541911379387953698}
  m_LocalRotation: {x: -0.03838783, y: -0, z: -0, w: 0.9992629}
  m_LocalPosition: {x: 0, y: 0.227, z: 0.003}
  m_LocalScale: {x: 1, y: 1, z: 1}
  m_Children: []
  m_Father: {fileID: 2544652451712577968}
  m_RootOrder: 4
  m_LocalEulerAnglesHint: {x: -4.4, y: 0, z: 0}
--- !u!136 &2496798489572298932
CapsuleCollider:
  m_ObjectHideFlags: 0
  m_CorrespondingSourceObject: {fileID: 0}
  m_PrefabInstance: {fileID: 0}
  m_PrefabAsset: {fileID: 0}
  m_GameObject: {fileID: 2541911379387953698}
  m_Material: {fileID: 0}
  m_IsTrigger: 0
  m_Enabled: 1
  m_Radius: 0.024735522
  m_Height: 0.9068755
  m_Direction: 1
  m_Center: {x: 0, y: 0.046562254, z: -0.0047981734}
